@ONLINE {unity,
    author = "Wikipedia",
    title  = "Unity Game Engine",
    month  = "jan",
    year   = "2023",
    url    = "https://en.wikipedia.org/wiki/Unity_(game_engine)"
}
@ONLINE {unityhierarchy,
    author = "Unity Technologies",
    title  = "The Hierarchy Window",
    month  = "jan",
    year   = "2023",
    url    = "https://docs.unity3d.com/560/Documentation/Manual/Hierarchy.html"
}
@ONLINE {unityconsole,
    author = "Unity Technologies",
    title  = "Unity Console",
    month  = "jan",
    year   = "2023",
    url    = "https://docs.unity3d.com/560/Documentation/Manual/Console.html"
}
@ONLINE {unityInspector,
    author = "Unity Technologies",
    title  = "The Inspector Window",
    month  = "jan",
    year   = "2023",
    url    = "https://docs.unity3d.com/560/Documentation/Manual/UsingTheInspector.html"
}
@ONLINE {unityProject,
    author = "Unity Technologies",
    title  = "The Project Window",
    month  = "jan",
    year   = "2023",
    url    = "https://docs.unity3d.com/560/Documentation/Manual/ProjectView.html"
}
@ONLINE {unityGame,
    author = "Unity Technologies",
    title  = "The Game View",
    month  = "jan",
    year   = "2023",
    url    = "https://docs.unity3d.com/560/Documentation/Manual/GameView.html"
}
@ONLINE {unityScene,
    author = "Unity Technologies",
    title  = "The Scene View",
    month  = "jan",
    year   = "2023",
    url    = "https://docs.unity3d.com/560/Documentation/Manual/UsingTheSceneView.html"
}
@ONLINE {unityMain,
    author = "Unity Technologies",
    title  = "The Main Windows",
    month  = "jan",
    year   = "2023",
    url    = "https://docs.unity3d.com/560/Documentation/Manual/UsingTheEditor.html"
}
@ONLINE {Vrheadset,
    author = "Wikipedia",
    title  = "Virtual Reality Headset",
    month  = "jan",
    year   = "2023",
    url    = "https://en.wikipedia.org/wiki/Virtual_reality_headset"
}
@ONLINE {CSharp,
    author = "InfodocScuola",
    title  = "Introduzione al linguaggio C\# e a .NET Framework",
    month  = "jan",
    year   = "2023",
    url    = "http://infodoc.altervista.org/guida-csharp/introduzione-al-linguaggio-csharp-e-a-net-framework/"
}
@ONLINE {Mono,
    author = "Ciro Continisio",
    title  = "MonoBehaviour, gli eventi di Unity",
    month  = "jan",
    year   = "2023",
    url    = "https://www.html.it/pag/45529/monobehaviour-gli-eventi-di-unity/#:~:text=Monobehaviour%20%C3%A8%20la%20classe%20dalla,al%20verificarsi%20di%20certe%20condizioni."
}
@ONLINE {Eventi,
    author = "Unity",
    title  = "MonoBehaviour",
    month  = "jan",
    year   = "2023",
    url    = "https://docs.unity3d.com/ScriptReference/MonoBehaviour.html"
}
@ONLINE {Photon,
    author = "Photon Engine",
    title  = "Photon Engine",
    month  = "jan",
    year   = "2023",
    url    = "https://www.photonengine.com/"
}
@ONLINE {UnityEvents,
    author = "Unity",
    title  = "UnityEvents",
    month  = "jan",
    year   = "2023",
    url    = "https://docs.unity3d.com/Manual/UnityEvents.html"
}
@ONLINE {UnityInputSystem,
    author = "Unity",
    title  = "Namespace UnityEngine.InputSystem",
    month  = "jan",
    year   = "2023",
    url  = "https://docs.unity3d.com/Packages/com.unity.inputsystem@0.2/api/UnityEngine.InputSystem.html"
}
@ONLINE {XRToolkit,
    author = "Unity",
    title  = "XR Interaction Toolkit",
    month  = "jan",
    year   = "2023",
    url  = "https://docs.unity3d.com/Packages/com.unity.xr.interaction.toolkit@2.2/manual/index.html"
}
@ONLINE {UI,
    author = "Unity",
    title  = "Namespace UnityEngine.UI",
    month  = "jan",
    year   = "2023",
    url  = "https://docs.unity3d.com/Packages/com.unity.ugui@1.0/api/UnityEngine.UI.html"
}
@ONLINE {Collection,
    author = "Microsoft",
    title  = "System.Collections Spazio dei nomi",
    month  = "jan",
    year   = "2023",
    url  = "https://learn.microsoft.com/it-it/dotnet/api/system.collections?view=net-7.0"
}
@ONLINE {CollectionGeneric,
    author = "Microsoft",
    title  = "System.Collections.Generic Spazio dei nomi",
    month  = "jan",
    year   = "2023",
    url  = "https://learn.microsoft.com/it-it/dotnet/api/system.collections.generic?view=net-7.0"
}
@ONLINE {TMP_pro,
    author = "Unity",
    title  = "TextMeshPro",
    month  = "jan",
    year   = "2023",
    url  = "https://docs.unity3d.com/Manual/com.unity.textmeshpro.html"
}
@ONLINE {Photon_Voice,
    author = "Photon",
    title  = "Photon Voice Intro",
    month  = "feb",
    year   = "2023",
    url  = "https://doc.photonengine.com/voice/current/getting-started/voice-intro"
}
@ONLINE {Photon_PUN,
    author = "Photon",
    title  = "Photon PUN",
    month  = "feb",
    year   = "2023",
    url  = "https://www.photonengine.com/pun"
}
@ONLINE {Photon_Chat,
    author = "Photon",
    title  = "Photon Chat Intro",
    month  = "feb",
    year   = "2023",
    url  = "https://doc.photonengine.com/chat/current/getting-started/chat-intro"
}
@BOOK{VRRe,
  TITLE = {The VR Book: Human-Centered Design for Virtual Reality},
  SUBTITLE = {},
  AUTHOR = {Jason Jerald},
  YEAR = {October 2015}, % I looked it up
  PUBLISHER = {Association for Computing Machinery and Morgan \& Claypool},
}